
@techreport{olesiuk2005,
  title = {Life History and Population Dynamics of Northern Resident Killer Whales (Orcinus orca) in British Columbia},
  number = {CSAS 2005/045},
  institution = {{Fisheries and Oceans Canada}},
  author = {Olesiuk, Peter and Ellis, Graeme M. and Ford, John K.B.},
  year = {2005},
  doi = {10.3386/w11467}
}

@techreport{ward2013,
  title = {Estimating the impacts of Chinook salmon abundance and prey removal by ocean fishing on Southern Resident killer whale population dynamics},
  number = {NMFS-NWFSC-123},
  institution = {{U.S. Department of Commerce, NOAA}},
  author = {Ward, Eric J. and Ford, Mike J. and Kope, R.G. and Ford, J.K.B., and Velez-Espino, A. and Parken, C.K. and LaVoy, L. and Hanson, M.B. and Balcomb, K.C.},
  year = {2013}
}

@techreport{hilborn2012,
  title = {The Effects of Salmon Fisheries on Southern Resident Killer Whales:
Final Report of the Independent Science Panel},
  institution = {{ESSA Technologies Ltd., Vancouver, B.C.}},
  author = {Hilborn, R. and Cox, S.P., and Gulland, F.M.D., and Hankin, D.G., and Hobbs, N.T., and Schindler, D.E.},
  year = {2012}
}

@techreport{nmfs2011,
  title = {Southern Resident Killer Whales (Orcinus orca) -
5 Year Review: Summary and Evaluation},
  institution = {{National Marine Fisheries Service, Seattle, WA}},
  author = {NMFS},
  year = {2011}
}

@techreport{nmfs2016,
  title = {Southern Resident Killer Whales (Orcinus orca) -
5 Year Review: Summary and Evaluation},
  institution = {{National Marine Fisheries Service, Seattle, WA}},
  author = {NMFS},
  year = {2016}
}

@techreport{nmfs2008,
  title = {Recovery Plan for Southern Resident Killer Whales
(Orcinus orca)},
  institution = {{National Marine Fisheries Service, Seattle, WA}},
  author = {NMFS},
  year = {2008}
}

@report{wood2016,
title={Just Another Gibbs Additive Modeller: Interfacing
JAGS and mgcv},
author={Wood, S.},
year = {2016},
url = {https://arxiv.org/pdf/1602.02539.pdf}
}

@Manual{plummer2019,
  title = {rjags: Bayesian Graphical Models using MCMC},
  author = {Martyn Plummer},
  year = {2019},
  note = {R package version 4-9},
  url = {https://CRAN.R-project.org/package=rjags},
}

@report{pfmc2020,
title={Pacific {{F}}ishery {{M}}anagement {{C}}ouncil
{{S}}almon {{F}}ishery {{M}}anagement {{P}}lan {{I}}mpacts to
{{S}}outhern {{R}}esident {{K}}iller {{W}}hales: {{R}}isk {{A}}ssessment},
author={PFMC},
year = {2020},
url = {https://www.pcouncil.org/documents/2020/02/e-3-a-srkw-workgroup-report-1-electronic-only.pdf/}
}

@report{pfmc2020b,
title={Pacific {{F}}ishery {{M}}anagement {{C}}ouncil
{{S}}almon {{F}}ishery {{M}}anagement {{P}}lan {{I}}mpacts to
{{S}}outhern {{R}}esident {{K}}iller {{W}}hales: {{D}}raft {{R}}ange of {{A}}lternatives and {{R}}ecommendations},
author={PFMC},
year = {2020},
url = {https://www.pcouncil.org/documents/2020/08/h-3-a-srkw-workgroup-report-1-pacific-fishery-management-council-salmon-fishery-management-plan-impacts-to-southern-resident-killer-whales-draft-range-of-alternatives-and-recommendations.pdf/}
}
